%% Version 2022-07-08
%% LaTeX-Vorlage für Abschlussarbeiten
%% Erstellt von Nils Potthoff, ab 2020 erneuert und ausgebaut von Simon Lohmann
%% Lehrstuhl Automatisierungstechnik/Informatik Bergische Universität Wuppertal
%%%%%%%%%%%%%%%%%%%%%%%%%%%%%%%%%%%%%%%%%%%%%%%%%%%%%%%%%%%%%%%%%%%%%%%%%%%%%%%%

% Encoding: UTF-8

@Misc{thesis:vorlage,
  author = {Simon Lohmann},
  title  = {Thesisvorlage der Fakultät für Elektrotechnik, Informationstechnik und Medientechnik},
  month  = nov,
  year   = {2021},
}

@Comment{jabref-meta: databaseType:bibtex;}

@online{DWD_Deutschlandwetter_2022,
	autor = {DWD},
	title = {Pressemitteilung: Deutschlandwetter im Jahr 2022},
	date = {2022-12-30},
	year = {2022},
	url = {https://www.dwd.de/DE/presse/pressemitteilungen/DE/2022/20221230_deutschlandwetter_jahr2022_news.html},
	subtitle = {Deutschland erlebt eines der zwei wärmsten Jahre und einen Sonnenscheinrekord},
	organization = {Deutscher Wetter Dienst},
	urldate = {2023-02-28},
}

@online{Umweltbundesamt_Treibhausgasemissionen_Deutschland_seit_1990,
	ALTauthor = {author},
	ALTeditor = {editor},
	title = {Emissionsquellen},
	date = {2021-07-05},
	url = {https://www.umweltbundesamt.de/themen/klima-energie/treibhausgas-emissionen/emissionsquellen#energie-stationar},
	subtitle = {Treibhausgas-Emissionen in Deutschland seit 1990 nach Kategorien der UNFCCC-Berichterstattung},
	organization = {Umweltbundesamt},
	year = {2021},
	urldate = {2023-02-28},
}

@online{Umweltbundesamt_Treibhausgasemissionen_Deutschland,
	ALTauthor = {author},
	ALTeditor = {editor},
	title = {Treibhausgas-Emissionen in Deutschland },
	date = {2022-03-15},
	url = {https://www.umweltbundesamt.de/daten/klima/treibhausgas-emissionen-in-deutschland},
	organization = {Umweltbundesamt},
	year = {2022},
	urldate = {2023-02-28},
}

@report{Umweltbundesamt_Klimaneutraler_Gebäudebestand_2050,
	author = {Dr. Veit (Projektleitung) Bürger and Dr. Tilman Hesse and Dr. Andreas Palzer and Benjamin Köhler and Sebastian Herkel and Dr. Peter Engelmann},
	title = {Klimaneutraler Gebäudebestand 2050},
	type = {Studie},
	institution = {Öko-Institut, Freiburg; Fraunhofer Institut für Solare Energiesysteme, Freiburg},
	date = {2017-11},
	subtitle = {Energieeffizienzpotentiale und die Auswirkungen des Klimawandels auf den Gebäudebestand},
	url = {https://www.umweltbundesamt.de/sites/default/files/medien/1410/publikationen/2017-11-06_climate-change_26-2017_klimaneutraler-gebaeudebestand-ii.pdf},
	urldate = {2023-02-28},
}

@report{Wuppertal_Institut_CO2_neutral_2035,
	%author = {Dr. Georg Kobiela and Dr. Sascha Samadi and Jenny Kurwan and Annika Tönjes and Prof. Dr.-Ing. Manfred Fischedick and Thorsten Koska and Prof. Dr. Stefan Lechtenböhmer and Dr. Steven März and Dietmar Schüwer},
	author = {Wuppertal~Institut},
	title = {CO2-neutral bis 2035},
	%institution = {Wuppertal Institut},
	type = {Bericht},
	date = {2020-10},
	subtitle = {Eckpunkte eines deutschen Beitrags zur Einhaltung der 1,5-°C-Grenze},
	%version = {2. korrigierte Auflage},
	location = {Wuppertal},
	url = {https://epub.wupperinst.org/frontdoor/deliver/index/docId/7606/file/7606_CO2-neutral_2035.pdf},
	urldate = {2023-02-28},
}

@report{IWU_2018_Wohngebäudebestand_2016,
	author = {Dr. Holger Cischinsky and Dr. Nikolaus Diefenbach},
	title = {Datenerhebung Wohngebäudebestand 2016},
	type = {Studie},
	institution = {IWU, Institut Wohnen und Umwelt},
	date = {2018-04-17},
	subtitle = {Datenerhebung zu den energetischen Merkmalen und Modernisierungsraten im deutschen und hessischen Wohngebäudebestand},
	location = {Darmstadt},
	url = {https://www.iwu.de/fileadmin/publikationen/gebaeudebestand/2018_IWU_CischinskyEtDiefenbach_Datenerhebung-Wohngeb%C3%A4udebestand-2016.pdf},
	urldate = {2023-02-28},
}

@report{IWU_2015_Wohngebäudetypologie,
	author = {Tobias Loga and Britta Stein and Nikolaus Diefenbach and Rolf Born},
	title = {Deutsche Wohngebäudetypologie},
	institution = {IWU, Institut Wohnen und Umwelt},
	date = {2015-02-10},
	subtitle = {Beispielhafte Maßnahmen zur Verbesserung der Energieeffizienz von typischen Wohngebäuden},
	location = {Darmstadt},
	url = {https://www.iwu.de/fileadmin/publikationen/gebaeudebestand/episcope/2015_IWU_LogaEtAl_Deutsche-Wohngeb%C3%A4udetypologie.pdf},
	urldate = {2023-02-28},
}

@misc{AEE_abb_Endenergieverbrauch_D_2019_Strom_Wärme_Verkehr,
	ALTauthor = {author},
	ALTeditor = {editor},
	title = {Abbildung: Endenergieverbrauch in Deutschland im Jahr 2019 nach Strom, Wärme und Verkehr},
	date = {2020},
	organization = {Agentur für Erneuerbare Energien e.V., AEE},
	url = {https://www.unendlich-viel-energie.de/media/image/54221.AEE_Endenergieverbrauch_Strom_Waerme_Kraftstoffe_2019.jpg},
	urldate = {2023-02-28},
}

@online{Umweltbundesamt_Energieverbrauch_Wärme,
	ALTauthor = {author},
	ALTeditor = {editor},
	title = {Energieverbrauch für fossile und erneuerbare Wärme},
	date = {2022-12-19},
	url = {https://www.umweltbundesamt.de/daten/energie/energieverbrauch-fuer-fossile-erneuerbare-waerme},
	urldate = {2023-02-28},
}

@misc{Umweltbundesamt_Abb_Entwicklung_Anteil_EE_Wärme_Kälte,
	ALTauthor = {author},
	ALTeditor = {editor},
	title = {Abbildung: Anteil erneuerbarer Energien am Endenergieverbrauch für Wärme 1990 bis 2020 (vorläufige Angabe)},
	date = {2022-09},
	organization = {Umweltbundesamt (UBA)},
	url = {https://www.umweltbundesamt.de/sites/default/files/medien/384/bilder/6_abb_anteil-ee-eev_2022-12-19.png},
	urldate = {2023-02-28},
}

@misc{Umweltbundesamt_Abb_Wärmeverbrauch_Energieträger_2008_2020,
	ALTauthor = {author},
	ALTeditor = {editor},
	title = {Abbildung: Wärmeverbrauch nach Energieträger - Entwicklung von 2008 bis 2020},
	date = {2021-02},
	organization = {Umweltbundesamt (UBA)},
	url = {https://www.umweltbundesamt.de/sites/default/files/medien/384/bilder/dateien/3_abb_waermeverbrauch-nach-et_2022-12-19.pdf},
	urldate = {2023-02-28},
}

@misc{Umweltbundesamt_Abb_Entwicklung_EE_Strom_Wärme_Verkehr_1990_2021,
	ALTauthor = {author},
	ALTeditor = {editor},
	title = {Abbildung: Erneuerbare Energien: Anteile in den Sektoren Strom, Wärme und Verkehr},
	date = {2021},
	organization = {Umweltbundesamt (UBA)},
	url = {https://www.umweltbundesamt.de/sites/default/files/medien/479/bilder/dateien/ee_anteile_in_den_sektoren_strom_waerme_und_verkehr.pdf},
	urldate = {2023-02-28},
}

@report{SRU_Stellungnahme_CO2_Budget_2022,
	title = {Wie viel CO2 darf Deutschland maximal noch ausstoßen? Fragen und Antworten zum CO2-Budget},
	type = {Stellungnahme},
	institution = {Sachverständigenrat für Umweltfragen (SRU)},
	date = {2022-06},
	url = {https://www.umweltrat.de/SharedDocs/Downloads/DE/04_Stellungnahmen/2020_2024/2022_06_fragen_und_antworten_zum_co2_budget.pdf?__blob=publicationFile&v=13},
	urldate = {2023-03-01},
}

@misc{IBP_Abb_Entwicklung_Energiesparendes_Bauen,
	ALTauthor = {author},
	ALTeditor = {editor},
	title = {Abbildung: Entwicklung Energiesparendes Bauen},
	url = {https://www.ibp.fraunhofer.de/de/kompetenzen/energieeffizienz-und-raumklima/energiesparendes-bauen.html},
	organization = {Fraunhofer-Institut für Bauphysik IBP},
}

@report{Umweltbundesamt_Wohnen_und_Sanieren_2019,
	author = {Sebastian Metzger and Katy Jahnke and Nadine Walikewitz and Markus Oto and Andreas Grondey and Sara Fritz},
	title = {Wohnen und Sanieren},
	type = {Hintergrundbericht},
	institution = {Umweltbundesamt and co2online gemeinnützige GmbH},
	date = {2019},
	subtitle = {Empirische Wohngebäudedaten seit 2002},
}

@report{Zensus_2011_Ergebnisse,
	title = {Zensus 2011: Vielfältiges Deutschland},
	institution = {Statistische Ämter des Bundes und der Länder},
	date = {2016},
	subtitle = {Endgültige Ergebnisse},
	version = {2., korrigierte Auflage},
}

@report{Destatis_Datenreport_2021_Umwelt_Energie_Mobilitaet,
	author = {Katharina Brockjan and Lucia Maier and Kristina Kott and Nadin Sewald},
	title = {Datenreport 2021},
	type = {Auszug},
	institution = {Statistische Bundesamt (Destatis)},
	date = {2021},
	subtitle = {Kapitel: Umwelt, Energie und Mobilität},
}

@report{UBA_2007_Nachhaltige_Waermeversorgung,
	author = {Jan Strohschein and Crhistoph Erdmenger and Reinhard Albert and Michael Bade and Anja Behnke and Simone Böhme and Andreas Hannig and Wulf Hülsmann and Bernt Johnke and Helmut Kaschenz and Christiane Lohse and Anne Miehe and Peter Pichl and Stephan Saupe and Anja Schubert and Ulrike Wachsmann and Kathrin Werner and Bärbel Westermann},
	title = {Nachhaltige Wärmeversorgung},
	type = {Sachstandsbericht},
	institution = {Umweltbundesamt (UBA)},
	date = {2007},
}

@report{destatis_2022_umweltoekonomische_gesamtrechnung_haushalte_umwelt,
	title = {Umweltökonomische Gesamtrechnung},
	institution = {Statistische Bundesamt (Destatis)},
	date = {2022},
	subtitle = {Private Haushalte und Umwelt},
	url = {https://www.destatis.de/DE/Themen/Gesellschaft-Umwelt/Umwelt/UGR/private-haushalte/Publikationen/Downloads/haushalte-umwelt-pdf-5851319.pdf?__blob=publicationFile},
	urldate = {2023-03-13},
}

@report{destatis_2022_umweltoekonomische_gesamtrechnung_anthropogene_luftemissionen,
	title = {Umweltökonomische Gesamtrechnung},
	institution = {Statistische Bundesamt (Destatis)},
	date = {2022},
	subtitle = {Anthropogene Luftemissionen},
}

@online{destatis_2020_umweltökonomische_gesamtrechnung_haushalte_umwelt_methodik,
	ALTauthor = {author},
	ALTeditor = {editor},
	title = {Umweltökonomische Gesamtrechnung},
	date = {2020},
	url = {https://www.destatis.de/DE/Themen/Gesellschaft-Umwelt/Umwelt/UGR/private-haushalte/Publikationen/Downloads/rechnung-energieverbrauch-5851318209004.pdf?__blob=publicationFile},
	subtitle = {Methode: Rechnung zum Energieverbrauch der Haushalte für Wohnen},
	organization = {Statistische Bundesamt (Destatis)},
	urldate = {2023-03-13},
}

@report{uba_2022_energiebedingte_emissionen_brennstoffeinsätze_in_D_1990_2020,
	title = {Übersicht zur Entwicklung der energiebedingten Emissionen und Brennstoffeinsätze in Deutschland 1990 - 2020},
	institution = {Umweltbundesamt (UBA)},
	date = {2022},
	subtitle = {unter Verwendung von Berechnungsergebnissen der Nationalen Koordinierungsstelle Emissionsberichterstattung},
	titleaddon = {CLIMATE CHANGE 20/2022},
}

@online{web_gesetze_ksg_info,
	ALTauthor = {author},
	ALTeditor = {editor},
	title = {Klimaschutzgesetz },
	date = {2021},
	url = {https://www.bundesregierung.de/breg-de/themen/klimaschutz/klimaschutzgesetz-2021-1913672},
	subtitle = {Generationenvertrag für das Klima},
	organization = {Deutsche Bundesregierung},
	urldate = {2023-03-13},
}

@online{web_gesetze_ksg,
	ALTauthor = {author},
	ALTeditor = {editor},
	title = {Bundes-Klimaschutzgesetz (KSG)},
	date = {2021-08-18},
	url = {https://www.gesetze-im-internet.de/ksg/KSG.pdf},
	organization = {Bundesministerium der Justiz, Bundesamt für Justiz},
	urldate = {2023-03-13},
}

@online{web_kea_bw_waermewende_best_practice,
	ALTauthor = {author},
	ALTeditor = {editor},
	title = {Wissensportal},
	date = {date},
	url = {https://www.kea-bw.de/waermewende/wissensportal/best-practice},
	subtitle = {Best Practice Wärmenetze},
	organization = {Klimaschutz- und Energieagentur Baden-Württemberg (KEA-BW)},
	urldate = {2023-03-13},
}

@report{mcc_2022_ist_deutschland_auf_1_5_grad_pfad,
	author = {Brigitte Knopf and Oliver Geden},
	title = {Ist Deutschland auf dem 1,5-Grad-Pfad?},
	type = {Stellungnahme},
	institution = {Mercator Research Institute on Global Commons and Climate Change (MCC) GmbH},
	date = {2022-03},
	subtitle = {Eine Einordnung der Diskussion über ein nationales CO2-Budget},
}

@report{zbw_2022_pariskompatible_emissionspfade_bsp_eu,
	author = {Daniel Wiegand and Manfred Sargl and Kerstin Doerenbruch and Günter Wittmann and Andreas Wofsteiner},
	title = {Berechnung Paris-kompatibler Emissionspfade mit dem ESP-Modell am Beispiel der EU},
	type = {Studie},
	institution = {Leibniz-Informationszentrum Wirtschaft (ZBW)},
	date = {2022-11},
	doi = {DOI 10.5281/zenodo.7376561},
}

@report{knoe_2022_mit_grüner_marktwirtschaft_klima_retten,
	author = {Lasse Thiele and Ruth Krohn and Matthias Schmelzer},
	title = {Mit grüner Marktwirtschaft das Klima retten?},
	type = {Stellungnahme},
	institution = {Konzeptwerk Neue Ökonomie},
	date = {date},
	subtitle = {Klimagerechtigkeits-Check der Ampel-Regierung},
	url = {https://konzeptwerk-neue-oekonomie.org/wp-content/uploads/2022/01/Konzeptwerk_Klimagerechtigkeits-Check_der_Ampel-Regierung_2022.pdf},
	urldate = {2023-03-14},
}

@report{germanzero_2022_gesetztespaket_1_5_grad,
	author = {Prof. Dr. Stephan Breidenbach and Til Martin Bußmann-Welsch and Luka Fischer and Arne Grotenrath and Anna Heinen and Benedikt heyl and Salome Kroiher and Lena C. Möller and Lea Nesselhauf and Hauke Schmülling},
	title = {1,5-Grad-Gesetzespaket},
	institution = {GermanZero},
	date = {2022-02},
	subtitle = {Maßnahmenkatalog mit Gesetzesentwürfen},
	url = {https://germanzero.de/gz-media/pages/assets/bba00f072f-1675869117/1.5-grad-gesetzespaket_germanzero_02_2022.pdf},
	urldate = {2023-03-14},
}

@misc{wellenbrink_bruegging_2022_waermeleitplanung,
	author = {Dr.-Ing. Elmar Brügging and Dipl. Geogr. Hinnerk Willenbrink},
	title = {Kommunale Wärmeleitplanung},
	date = {2022-09},
	subtitle = {Potentiale und Möglichkeiten},
	titleaddon = {Kommunalfachtagung 2022},
	type = {Präsentationsfolien},
	organization = {FH Münster University of Applied Sciences},
}

@online{web_gesetze_geg,
	ALTauthor = {author},
	ALTeditor = {editor},
	title = {Gesetz zur Einsparung von Energie und zur Nutzung erneuerbarer Energien zur Wärme- und Kälteerzeugung in Gebäuden (Gebäudeenergiegesetz, GEG)},
	date = {2020-08-08},
	url = {https://www.gesetze-im-internet.de/geg/},
	version = {novelliert am 20.07.2022},
	organization = {Bundesministerium der Justiz, Bundesamt für Justiz},
	urldate = {2023-03-14},
}

@online{web_geg_info_heizungsfinder,
	author = {Ariane Müller},
	title = {Das Gebäudeenergiegesetz (GEG) 2022 und Novelle 2023 },
	date = {2023-01-23},
	url = {https://www.heizungsfinder.de/heizung/gebaeudeenergiegesetz},
	organization = {DAA GmbH},
	urldate = {2023-03-14},
}

@online{web_geg_info_energieexperten,
	ALTauthor = {author},
	ALTeditor = {editor},
	title = {Das neue Gebäudeenergiegesetz (GEG) im Überblick},
	date = {2022-08-29},
	url = {https://www.energie-experten.org/energie-sparen/energieberatung/gebaeudeenergiegesetz},
	organization = { Greenhouse Media GmbH },
	urldate = {2023-03-14},
}

@online{web_vojens_om_os,
	ALTauthor = {author},
	ALTeditor = {editor},
	title = {Vojens Fernwärme, Webpräsenz: Om os (dt. Über uns)},
	date = {date},
	url = {https://www.vojensfjernvarme.dk/profil/om-os/},
	organization = {Vojens Fjernvarme},
	urldate = {2023-03-14},
}

@online{web_vojens_kedler_og_motorer,
	ALTauthor = {author},
	ALTeditor = {editor},
	title = {Vojens Fernwärme, Webpräsenz: Kedler og motorer (dt. Kessel und Motoren)},
	date = {date},
	url = {https://www.vojensfjernvarme.dk/profil/kedler-og-motorer/},
	organization = {Vojens Fjernvarme},
	urldate = {2023-03-14},
}

@online{web_vojens_historie,
	ALTauthor = {author},
	ALTeditor = {editor},
	title = {Vojens Fernwärme, Webpräsenz: Historie},
	date = {date},
	url = {https://www.vojensfjernvarme.dk/profil/historie/},
	organization = {Vojens Fjernvarme},
	urldate = {2023-03-14},
}

@online{web_vojens_deklaration,
	ALTauthor = {author},
	ALTeditor = {editor},
	title = {Vojens Fernwärme, Webpräsenz: Fjernvarmedeklaration (dt. Deklaration Fernwärme)},
	date = {date},
	url = {https://www.vojensfjernvarme.dk/profil/fjernvarmedeklaration/},
	organization = {Vojens Fjernvarme},
	urldate = {2023-03-14},
}

@online{web_vojens_plan,
	ALTauthor = {author},
	ALTeditor = {editor},
	title = {Vojens Fernwärme, Webpräsenz: Forsyningsområde (dt. Versorgungsgebiet)},
	date = {date},
	url = {https://www.vojensfjernvarme.dk/media/21199/vojensby.pdf},
	organization = {Vojens Fjernvarme},
	urldate = {2023-03-14},
}

@report{kiezlen_2014_bedeutung_waermenetze_fuer_energiewende,
	author = {Dr. Volker Kienzlen and Helmut Böhnisch and Harald Bieber and Veit Bürger and Michael Nast and Dr. Martin Pehnt and Maike Schmidt and Prof. Dr. Uwe Leprich and Wolfgang Schulz},
	title = {Bedeutung von Wärmenetzen für die Energiewende},
	type = {Positionspapier},
	institution = {Klimaschutz- und Energieagentur Baden-Württemberg GmbH (KEA-BW)},
	date = {2014},
	url = {https://www.kea-bw.de/fileadmin/user_upload/Publikationen/Positionspapier_zu_Nahwaerme.pdf},
	urldate = {2023-03-14},
}

@report{kea_bw_leitfaden_waermeplanung,
	title = {Kommunale Wärmeplanung},
	type = {Handlungsleitfaden},
	institution = {Klimaschutz- und Energieagentur Baden-Württemberg GmbH (KEA-BW)},
	date = {2021-12},
	url = {https://www.kea-bw.de/fileadmin/user_upload/Publikationen/094_Leitfaden-Kommunale-Waermeplanung-022021.pdf},
	urldate = {2023-03-14},
}

@online{web_gesetze_klimag_bw,
	ALTauthor = {author},
	ALTeditor = {editor},
	title = {Klimaschutz- und Klimawandelanpassungsgesetz Baden-Württemberg (KlimaG BW)},
	date = {2023-02-07},
	url = {https://www.landesrecht-bw.de/jportal/portal/t/m6i/page/bsbawueprod.psml},
	note = {Landesrecht Baden-Württemberg},
	organization = {jurs GmbH im Auftrag des Innenministeriums Baden-Württemberg},
	urldate = {2023-03-15},
}

@report{uba_2022_kurzgutachten_waermeplanung,
	author = {Robert Riechel and Jan Walter},
	title = {Kurzgutachten Kommunale Wärmeplanung},
	institution = {Umweltbundesamt},
	date = {2022-12},
	url = {https://www.umweltbundesamt.de/sites/default/files/medien/479/publikationen/texte_12-2022_kurzgutachten_kommunale_waermeplanung.pdf},
	urldate = {2023-03-15},
}

@report{difu_2016_waermewende_im_quartier_hemmnisse,
	author = {Robert Riechel and Sven Koritkowski},
	title = {Wärmewende im Quartier},
	institution = {Deutsche Institut fr Urbanistik (difu)},
	date = {2016-08},
	subtitle = {Hemmnisse bei der Umsetzung am Beispiel energetischer Quartierskonzepte},
	url = {https://backend.repository.difu.de/server/api/core/bitstreams/a7c961a4-a577-4540-bf18-6fae89029234/content},
	urldate = {2023-03-15},
}

@report{uba_2021_systemische_herausforderungen_der_energiewende_abschlussbericht,
	author = {Peter Engelmann and Benjamin Köhler and Robert Meyer and Jörg Dengler and Sebastian Herkel and Lea Kießling and Anneke Quast and Jessica Berneiser and Christian Bär and Philip Sterchele and Judith Heilig and Veit Bürger and Benjamin Köhler and Sibylle Braungardt and Tilman Hesse and Matthias Sandrock and Christian Maaß and Nikolai Strodel},
	title = {Systemische Herausforderung der Wärmewende},
	type = {Abschlussbericht},
	institution = {Umweltbundesamt (UBA)},
	date = {2021},
	url = {https://www.umweltbundesamt.de/sites/default/files/medien/5750/publikationen/2021-04-26_cc_18-2021_waermewende.pdf},
	urldate = {2023-03-15},
}

@report{dunkelberg_2020_waermewende_in_staedten_gestalten,
	author = {Elisa Dunkelberg and Julika Weiß and Bernd Hirschl},
	title = {Wärmewende in Städten Gestalten},
	type = {Policy Paper},
	institution = {Institut für ökologische Wirtschaftsforschung (IÖW)},
	date = {2020-05},
	subtitle = {Empfehlungen für eine sozial-ökologische Transformation der Wärmeversorgung am Beispiel von Berlin},
	location = {Berlin},
}

@online{waermewende_daenemark,
	ALTauthor = {author},
	ALTeditor = {editor},
	title = {Die dänische Wärmewende},
	date = {2021-08-01},
	url = {https://www.waermewende.de/daenischewaermewende/},
	organization = {Projekt Kommunale Wärmeplanung},
	urldate = {2023-03-15},
}

@online{web_giswiki_gis,
	author = {Heiz-Josef Lücking},
	title = {Wiki-Eintrag: Geographic information system},
	date = {2008-01-12},
	url = {http://www.giswiki.org/wiki/Geographic_information_system},
	organization = {GISWiki},
	urldate = {2013-03-15},
}

@online{web_wikipedia_gis,
	ALTauthor = {author},
	ALTeditor = {editor},
	title = {Wiki-Eintrag: Geoinformationssystem},
	date = {2023-03-03},
	url = {https://de.wikipedia.org/wiki/Geoinformationssystem},
	organization = {deutsche Wikipedia},
	urldate = {2023-03-15},
}

@online{web_wikipedia_crs,
	ALTauthor = {author},
	ALTeditor = {editor},
	title = {Wiki-Eintrag: Spatial reference system},
	date = {2023-01-08},
	url = {https://en.wikipedia.org/wiki/Spatial_reference_system},
	organization = {Englische Wikipedia},
	urldate = {2023-03-16},
}

@online{web_wikipedia_lambert_conformal_cone_projection,
	ALTauthor = {author},
	ALTeditor = {editor},
	title = {Wiki-Eintrag: Lambert conformal conic projection},
	date = {2023-01-12},
	url = {https://en.wikipedia.org/wiki/Lambert_conformal_conic_projection},
	organization = {Englische Wikipedia},
	urldate = {2023-03-16},
}

@online{web_wikipedia_lambert_azimutal_equal_area_projection,
	ALTauthor = {author},
	ALTeditor = {editor},
	title = {Wiki-Eintrag: Lambert azimuthal equal-area projection},
	date = {2023-01-10},
	url = {https://en.wikipedia.org/wiki/Lambert_azimuthal_equal-area_projection},
	organization = {Englische Wikipedia},
	urldate = {2023-03-16},
}

@online{web_epsg,
	ALTauthor = {author},
	ALTeditor = {editor},
	title = {EPSG Geodetic Parameter Dataset},
	date = {2023},
	url = {https://epsg.org/home.html},
	organization = {Geomatic Solutions},
	urldate = {2023-03-16},
}

@online{web_qgis,
	ALTauthor = {author},
	ALTeditor = {editor},
	title = {Webpräsenz: QGIS},
	date = {https://www.qgis.org/en/site/},
	url = {2023-03-16},
	subtitle = { A Free and Open Source Geographic Information System },
	organization = {QGIS project},
	urldate = {2023-03-16},
}

@online{web_qgis_docs,
	ALTauthor = {author},
	ALTeditor = {editor},
	title = {QGIS Desktop User Guide/Manual (QGIS 3.22)},
	date = {2023-03-14},
	url = {https://docs.qgis.org/3.22/en/docs/user_manual/},
	organization = {QGIS project},
	urldate = {2023-03-16},
}


@misc{esri_shapefile_technical_description,
	ALTauthor = {author},
	ALTeditor = {editor},
	title = {ESRI Shapefile Technical Description},
	date = {1998-07},
	subtitle = {An ESRI White Paper},
	organization = {Environmental Systems Research Institute, Inc. (ESRI)},
	url = {https://www.esri.com/content/dam/esrisites/sitecore-archive/Files/Pdfs/library/whitepapers/pdfs/shapefile.pdf},
	urldate = {2023-03-17},
}

@online{web_shapefiles_must_die_cepicky,
	author = {Jachym Cepicky},
	title = {Switch from Shapefile},
	date = {2017-10-08},
	url = {http://switchfromshapefile.org/},
	urldate = {2023-03-17},
}

@online{web_geopackage_vs_shapefile_blog_simon,
	author = {Simon Baier},
	title = {Blog-Eintrag: Why you should use GeoPackage instead of Shapefile},
	date = {2018-03-13},
	url = {https://www.gis-blog.com/geopackage-vs-shapefile/},
	organization = {GIS-Blog},
	urldate = {2023-03-17},
}

@online{web_energieatlas,
	ALTauthor = {author},
	ALTeditor = {editor},
	title = {Energieatlas NRW},
	date = {2020},
	url = {https://www.energieatlas.nrw.de/},
	organization = {Landesamt für Natur, Umwelt und Verbraucherschutz Nordrhein-Westfalen (LANUV)},
	urldate = {2023-03-17},
}

@manual{gv_isys_verzeichnis_definitionen_beschreibungen,
	ALTauthor = {author},
	ALTeditor = {editor},
	title = {GV-ISys (Gemeindeverzeichnis-Informationssystem)},
	date = {2021},
	subtitle = {Verzeichnis der Regional- und Gebietseinheiten
	Definitionen und Beschreibungen},
	organization = {Statistische Bundesamt (Destatis)},
	url = {https://www.destatis.de/DE/Themen/Laender-Regionen/Regionales/Gemeindeverzeichnis/Administrativ/beschreibung-gebietseinheiten.pdf?__blob=publicationFile},
	urldate = {2023-03-17},
}

@online{web_glossar_ags,
	ALTauthor = {author},
	ALTeditor = {editor},
	title = {Glossar-Eintrag: Amtlicher Gemeindeschlüssel (AGS)},
	date = {date},
	url = {https://www.destatis.de/DE/Themen/Laender-Regionen/Regionales/Gemeindeverzeichnis/Glossar/amtlicher-gemeindeschluessel.html},
	organization = {Statistische Bundesamt (Destatis)},
	urldate = {2023-03-17},
}

@online{web_glossar_ars,
	ALTauthor = {author},
	ALTeditor = {editor},
	title = {Glossar-Eintrag: Regionalschlüssel (RS)},
	date = {date},
	url = {https://www.destatis.de/DE/Themen/Laender-Regionen/Regionales/Gemeindeverzeichnis/Glossar/regionalschluessel.html},
	organization = {Statistische Bundesamt (Destatis)},
	urldate = {2023-03-17},
}

@online{web_download_gv_isys_verzeichnis_aller_gemeinden,
	ALTauthor = {author},
	ALTeditor = {editor},
	title = {Gemeindeverzeichnis: Alle politisch selbständigen Gemeinden mit ausgewählten Merkmalen am 31.12.2022 (4. Quartal)},
	date = {2023-01-12},
	url = {https://www.destatis.de/DE/Themen/Laender-Regionen/Regionales/Gemeindeverzeichnis/Administrativ/Archiv/GVAuszugQ/AuszugGV4QAktuell.html},
	organization = {Statistische Bundesamt (Destatis)},
}

@online{web_download_opengeodata_nrw,
	ALTauthor = {author},
	ALTeditor = {editor},
	title = {Webpräsenz: OpenGeodata.NRW},
	date = {date},
	url = {https://www.opengeodata.nrw.de/produkte/},
	subtitle = {produkte (Downloads)},
	organization = {Landesbetrieb Information und Technik Nordrhein-Westfalen (IT.NRW)},
	urldate = {2023-03-17},
}

@online{web_bezreg_koeln_alkis_abk,
	ALTauthor = {author},
	ALTeditor = {editor},
	title = {Amtliche Basiskarte},
	date = {date},
	url = {https://www.bezreg-koeln.nrw.de/brk_internet/geobasis/liegenschaftskataster/aktuell/alkis-folgeprodukte/amtliche_basiskarte/index.html},
	organization = {Bezirksregierung Köln},
	urldate = {2023-03-17},
}

@online{web_osm_de,
	ALTauthor = {author},
	ALTeditor = {editor},
	title = {Webpräsenz: OpenStreetMap - Deutschland},
	date = {date},
	url = {https://openstreetmap.de/},
	organization = {FOSSGIS e.V.},
}

@online{web_geofabrik,
	ALTauthor = {author},
	ALTeditor = {editor},
	title = {Webpräsenz Geofabrik},
	date = {date},
	url = {https://www.geofabrik.de/},
	organization = {Geofabrik GmbH Karlsruhe},
	urldate = {2023-03-17},
}

@online{web_download_alkis_gebaeudefunktion_code_definition,
	ALTauthor = {author},
	ALTeditor = {editor},
	title = {Download: ALKIS Gebäude- und Bauwerkfunktion Codierungs-Dictionary},
	date = {2021-11-24},
	url = {https://repository.gdi-de.org/schemas/adv/citygml/Codelisten/BuildingFunctionTypeAdV.xml},
	organization = {Geodateninfrastruktur Deutschland (GDI-DE)},
	urldate = {2023-03-17},
}

@online{web_github_repo_code,
	author = {Matthias Werle},
	title = {Github-Repository: Wärmeplanung-Datenaufbereitung},
	date = {2023},
	url = {https://github.com/Humanimaliberation/Waermeplanung_Datenaufbereitung},
	subtitle = {Python Tool zur systematischen Aufbereitung von Daten für Wärmeplanungen (Deutschland, NRW)},
	urldate = {2023-03-23},
}

@online{web_mastr,
	ALTauthor = {author},
	ALTeditor = {editor},
	title = {Webpräsenz: Marktstammdatenregister (MaStR)},
	date = {date},
	url = {https://www.marktstammdatenregister.de/},
	organization = {Bundesnetzagentur},
	urldate = {2023-03-27},
}

@online{web_baunetzwissen_altbau_50er,
	ALTauthor = {author},
	ALTeditor = {editor},
	title = {Artikel: Nachkriegsbauten der 50er Jahre},
	date = {date},
	url = {https://www.baunetzwissen.de/altbau/fachwissen/baualtersstufen/nachkriegsbauten-der-50er-jahre-148204},
	organization = {Baunetz\_Wissen\_},
	urldate = {2023-04-09},
}

@report{lanuv_potentialstudie_geothermie,
	author = {Prof. Dr. Rolf Bracke and Prof. Dr. Walter Rocholl and Prof. Dr. Benno Schmidt and Dipl.-Geophys. Gregor Bussmann and Timm Eicker, M.Sc. and Dipl.-Ing. (FH) Bettina Kelz},
	title = {Potentialstudie Erneuerbare Energien NRW},
	institution = {Landesamt für Natur, Umwelt und Verbraucherschutz Nordrhein-Westfalen (LANUV)},
	date = {2015},
	subtitle = {Teil 4 - Geothermie, LANUV-Fachbericht 40},
	url = {https://www.lanuv.nrw.de/fileadmin/lanuvpubl/3_fachberichte/Fachbericht_40-Teil4-Geothermie_web.pdf},
	urldate = {2024-04-24},
}

@online{web_lod1_nrw,
	ALTauthor = {author},
	ALTeditor = {editor},
	title = {3D-Gebäudemodelle der Landesvermessung NRW},
	date = {date},
	url = {https://www.bezreg-koeln.nrw.de/brk_internet/geobasis/3d_gebaeudemodelle/index.html},
	organization = {Bezirksregierung Köln},
	urldate = {2023-04-24},
}

@online{web_lanuv_klima,
	ALTauthor = {author},
	ALTeditor = {editor},
	title = {Klima in NRW},
	date = {date},
	url = {https://www.lanuv.nrw.de/klima},
	subtitle = {Aktuelle Themen und Projekte},
	organization = {Landesamt für Natur, Umwelt und Verbraucherschutz Nordrhein-Westfalen (LANUV)},
	urldate = {2023-04-24},
}

@online{web_download_baubloecke_wuppertal,
	ALTauthor = {author},
	ALTeditor = {editor},
	title = {Offene Daten Wuppertal},
	date = {date},
	url = {https://www.offenedaten-wuppertal.de/dataset/baubl%C3%B6cke-wuppertal},
	subtitle = {Baublöcke Wuppertal},
	organization = {Stadt Wuppertal},
	urldate = {2023-04-24},
}

@online{web_beschluss_innogy_se_wuppertal_hilgershoehe,
	ALTauthor = {author},
	ALTeditor = {editor},
	title = {Verwaltungsverfahrens Beschluss GEM. P32b GWB},
	date = {2017-02-13},
	url = {https://www.bundeskartellamt.de/SharedDocs/Entscheidung/DE/Entscheidungen/Missbrauchsaufsicht/2017/B8-30-13.pdf?__blob=publicationFile&v=2},
	subtitle = {innogy SE als Rechtsnachfolgerin der RWE Energiedienstleistungen GmbH},
	organization = {Bundeskartellamt},
	urldate = {2023-04-25},
}

@online{web_firma_stannol_gmbh,
	ALTauthor = {author},
	ALTeditor = {editor},
	title = {Firmen-Webseite mit Geschichte und Standort(en)},
	date = {date},
	url = {https://www.stannol.de/unternehmen/geschichte.html},
	organization = {Stannol GmbH und Co. KG},
	urldate = {2023-04-25},
}

@online{web_gitlab_champs_libres,
	author = {champs-libres},
	title = {Gitlab-Repository: champs-libres-qgis-osm-style},
	date = {2022},
	url = {https://gitlab.com/champs-libres/public/champs-libres-qgis-osm-style/-/tree/master/},
	subtitle = {
	Map style for QGIS},
	urldate = {2023-03-26},
}

@online{web_zensusatlas,
	ALTauthor = {author},
	ALTeditor = {editor},
	title = {Zensus 2011: Zensusatlas (Web-Anwendung)},
	date = {2020},
	url = {https://atlas.zensus2011.de/},
	organization = {Statistische Ämter des Bundes und der Länder (destatis)},
	urldate = {2024-04-26},
}

@online{web_geothermie_standortcheck_nrw,
	ALTauthor = {author},
	ALTeditor = {editor},
	title = {Geothermie in NRW - Standortcheck (Web-Anwendung)},
	date = {date},
	url = {https://www.geothermie.nrw.de/},
	organization = {Geologischer Dienst NRW},
	urldate = {2023-04-26},
}

@online{web_wsw_talwaerme,
	author = {Projektwebseite: WSW Talwärme Elberfeld 2030},
	title = {Bauprojekt Elberfeld 2030 – Nachhaltige Zukunft für Wuppertal},
	date = {2023},
	url = {https://www.wsw-online.de/talwaerme-elberfeld2030/},
	organization = {Wuppertaler Stadtwerke (WSW)},
	urldate = {2023-04-27},
}

@online{web_inspire,
	ALTauthor = {author},
	ALTeditor = {editor},
	title = {Webpräsenz: INSPIRE Knowledge Base},
	date = {date},
	url = {https://inspire.ec.europa.eu/about-inspire/563},
	subtitle = {Infrastructure for spatial information in Europe},
	organization = {Europäische Komission},
	urldate = {2023-05-02},
}

@online{web_inspire_bkg,
	ALTauthor = {author},
	ALTeditor = {editor},
	title = {Webpräsenz: Bundesamt für Kartographie und Geodäsie},
	date = {date},
	url = {https://gdz.bkg.bund.de/index.php/default/inspire.html},
	subtitle = {INSPIRE Daten und Dienste},
	organization = {Bundesamt für Kartographie und Geodäsie (BKG)},
	urldate = {2023-05-02},
}

@manual{web_inspire_bkg_gittersysteme,
	ALTauthor = {author},
	ALTeditor = {editor},
	title = {Dokumentation},
	date = {date},
	subtitle = {Geographische Gitter für Deutschland GeoGitter},
	organization = {Bundesamt für Kartographie und Geodäsie},
	url = {https://sg.geodatenzentrum.de/web_public/gdz/dokumentation/deu/geogitter.pdf},
	urldate = {2023-05-02},
}

@online{web_isong,
	ALTauthor = {author},
	ALTeditor = {editor},
	title = {Web-Anwendung: Informationssystem oberflächennahe Geothermie Baden-Württemberg (ISONG)},
	date = {date},
	url = {https://isong.lgrb-bw.de/},
	organization = {Landesamt für Geologie, Rohstoffe und Bergbau (LGRB)},
	urldate = {2023-05-02},
}

@online{web_sgd_geothermie,
	ALTauthor = {author},
	ALTeditor = {editor},
	title = {Webpräsenz: Staatliche Geologische Dienste Deutschlands},
	date = {date},
	url = {https://www.bgr.bund.de/Infogeo/DE/Home/Erdwaerme/erdwaerme_node.html},
	subtitle = {Erdwärme / Geothermie},
	urldate = {2023-05-02},
}

@online{web_wiefm,
	ALTauthor = {author},
	ALTeditor = {editor},
	title = {Webpräsenz: Projekt Wärme in der Euregio - fokussieren und modernisieren (Wie\textsuperscript{fm})},
	date = {date},
	url = {https://www.wiefm.eu/},
	organization = {Fachhochschule Münster},
	urldate = {2023-05-02},
}

@report{web_leitfaden_waermeplanung_datenquellen_niedersachsen,
	title = {Leitfaden Kommunale Wärmeplanung: Arbeitshilfe 1},
	institution = {Klimaschutz- und Energieagentur Niedersachsen},
	date = {2022-03},
	subtitle = {Bestandsaufnahme: Daten und
	Datenquellen},
	url = {https://www.klimaschutz-niedersachsen.de/_downloads/FaktenpapiereLeitfaeden/LeifadeKommWaermeplanung/01_2019-12-17_Leitfaden-Waermeplanung_Arbeitshilfe1.pdf},
	urldate = {2023-05-02},
}

@online{web_osm_wiki,
	ALTauthor = {author},
	ALTeditor = {editor},
	title = {OpenStreetMap-Wiki},
	date = {2023},
	url = {https://wiki.openstreetmap.org/wiki/Map_features},
	subtitle = {Artikel: Map features},
	urldate = {2023-05-02},
}

@online{web_alkis_adv,
	ALTauthor = {author},
	ALTeditor = {editor},
	title = {Webpräsenz der AdV},
	date = {2023},
	url = {https://www.adv-online.de/AdV-Produkte/Liegenschaftskataster/ALKIS/},
	subtitle = {Eintrag zum Amtlichen Liegenschaftskatasterinformationssystem (ALKIS)},
	organization = {Arbeitsgemeinschaft der Vermessungsverwaltungen der Länder der Bundesrepublik Deutschland (AdV)},
	urldate = {2023-05-02},
}
